{
"leader": "01142cam**2200301*a*4500",
"fields":
 [
	{
		"001":"92005291"
	},
	{
		"003":"DLC"
	},
	{
		"005":"19930521155141.9"
	},
	{
		"008":"920219s1993 caua j 000 0 eng 010 ## $a92005291"
	},
	{
		"020":
		{
 			"subfields":
			[
				{
					"a":"0152038655 :"
				},
				{
					"c":""
				},
				{
					"1":"5.95"
				}
			],
			"ind1":" ",
			"ind2":" "
		}
	},
	{
		"040":
		{
 			"subfields":
			[
				{
					"a":"DLC"
				},
				{
					"c":"DLC"
				},
				{
					"d":"DLC"
				}
			],
			"ind1":" ",
			"ind2":" "
		}
	},
	{
		"042":
		{
 			"subfields":
			[
				{
					"a":"lcac"
				}
			],
			"ind1":" ",
			"ind2":" "
		}
	},
	{
		"050":
		{
 			"subfields":
			[
				{
					"a":"PS3537.A618"
				},
				{
					"b":"A88 1993"
				}
			],
			"ind1":"0",
			"ind2":"0"
		}
	},
	{
		"082":
		{
 			"subfields":
			[
				{
					"2":"20"
				},
				{
					"a":"811/.52"
				}
			],
			"ind1":"0",
			"ind2":"0"
		}
	},
	{
		"100":
		{
 			"subfields":
			[
				{
					"a":"Sandburg, Carl,"
				},
				{
					"d":"1878-1967."
				}
			],
			"ind1":"1",
			"ind2":" "
		}
	},
	{
		"245":
		{
 			"subfields":
			[
				{
					"a":"Arithmetic /"
				},
				{
					"c":"Carl Sandburg ; illustrated as an anamorphic adventure by Ted Rand."
				}
			],
			"ind1":"1",
			"ind2":"0"
		}
	},
	{
		"250":
		{
 			"subfields":
			[
				{
					"a":"1st ed."
				}
			],
			"ind1":" ",
			"ind2":" "
		}
	},
	{
		"260":
		{
 			"subfields":
			[
				{
					"a":"San Diego :"
				},
				{
					"b":"Harcourt Brace Jovanovich,"
				},
				{
					"c":"c1993."
				}
			],
			"ind1":" ",
			"ind2":" "
		}
	},
	{
		"300":
		{
 			"subfields":
			[
				{
					"a":"1 v. (unpaged) :"
				},
				{
					"b":"ill. (some col.) ;"
				},
				{
					"c":"26 cm."
				}
			],
			"ind1":" ",
			"ind2":" "
		}
	},
	{
		"500":
		{
 			"subfields":
			[
				{
					"a":"One Mylar sheet included in pocket."
				}
			],
			"ind1":" ",
			"ind2":" "
		}
	},
	{
		"520":
		{
 			"subfields":
			[
				{
					"a":"A poem about numbers and their characteristics. Features anamorphic, or distorted, drawings which can be restored to normal by viewing from a particular angle or by viewing the image's reflection in the provided Mylar cone."
				}
			],
			"ind1":" ",
			"ind2":" "
		}
	},
	{
		"650":
		{
 			"subfields":
			[
				{
					"a":"Arithmetic"
				},
				{
					"x":"Juvenile poetry."
				}
			],
			"ind1":" ",
			"ind2":"0"
		}
	},
	{
		"650":
		{
 			"subfields":
			[
				{
					"a":"Children's poetry, American."
				}
			],
			"ind1":" ",
			"ind2":"0"
		}
	},
	{
		"650":
		{
 			"subfields":
			[
				{
					"a":"Arithmetic"
				},
				{
					"x":"Poetry."
				}
			],
			"ind1":" ",
			"ind2":"1"
		}
	},
	{
		"650":
		{
 			"subfields":
			[
				{
					"a":"American poetry."
				}
			],
			"ind1":" ",
			"ind2":"1"
		}
	},
	{
		"650":
		{
 			"subfields":
			[
				{
					"a":"Children's poetry, American."
				}
			],
			"ind1":" ",
			"ind2":"0"
		}
	},
	{
		"650":
		{
 			"subfields":
			[
				{
					"a":"Arithmetic"
				},
				{
					"x":"Poetry."
				}
			],
			"ind1":" ",
			"ind2":"1"
		}
	},
	{
		"650":
		{
 			"subfields":
			[
				{
					"a":"American poetry."
				}
			],
			"ind1":" ",
			"ind2":"1"
		}
	},
	{
		"650":
		{
 			"subfields":
			[
				{
					"a":"Visual perception."
				}
			],
			"ind1":" ",
			"ind2":"1"
		}
	},
	{
		"700":
		{
 			"subfields":
			[
				{
					"a":"Rand, Ted,"
				},
				{
					"e":"ill."
				}
			],
			"ind1":"1",
			"ind2":" "
		}
	}
]
}
